@book{morettin2017estatistica,
  title={Estat{\'\i}stica b{\'a}sica},
  author={Morettin, Pedro A and Bussab, Wilton O},
  year={2017},
  publisher={Saraiva Educa{\c{c}}{\~a}o SA}
}

@article{hoffmann2017estatistica,
  title={Estat{\'\i}stica para economistas},
  author={Hoffmann, Rodolfo},
  year={2017}
}

@book{meyer1983probabilidade,
  title={Probabilidade: aplica{\c{c}}{\~o}es {\`a} estat{\'\i}stica},
  author={Meyer, Paul L},
  year={1983},
  publisher={Livros T{\'e}cnicos e Cient{\'\i}ficos Rio de Janeiro}
}

@book{larson2004estatistica,
  title={Estat{\'\i}stica aplicada},
  author={Larson, Ron and Farber, Betsy and Cyro; traduc{\~a}o t{\'e}cnica Patarra},
  year={2004},
  publisher={Prentice Hall}
}


@book{casella2010inferencia,
  title={Infer{\^e}ncia estat{\'\i}stica},
  author={Casella, George and Berger, Roger L},
  year={2010},
  publisher={Cengage Learning}
}

@book{degroot2012probability,
  title={Probability and statistics},
  author={DeGroot, Morris H and Schervish, Mark J},
  year={2012},
  publisher={Pearson Education}
}
